<record><leader>00000cas a22000007a 4500</leader><controlfield tag="001">10345035</controlfield><controlfield tag="008">840127d18551857mauwr ne      0    0eng d</controlfield><datafield ind1=" " ind2=" " tag="010"><subfield code="a">sn 84022201 </subfield></datafield><datafield ind1=" " ind2=" " tag="040"><subfield code="a">NPX</subfield><subfield code="b">eng</subfield><subfield code="c">NPX</subfield><subfield code="d">NPU</subfield><subfield code="d">MGN</subfield><subfield code="d">OCLCQ</subfield></datafield><datafield ind1=" " ind2=" " tag="042"><subfield code="a">msc</subfield></datafield><datafield ind1=" " ind2=" " tag="043"><subfield code="a">n-us-ma</subfield></datafield><datafield ind1="0" ind2="4" tag="245"><subfield code="a">The American bee, and guardian of liberty.</subfield></datafield><datafield ind1=" " ind2=" " tag="260"><subfield code="a">Boston [Mass.] :</subfield><subfield code="b">Bradbury &amp; Co.,</subfield><subfield code="c">1855.</subfield></datafield><datafield ind1=" " ind2=" " tag="300"><subfield code="a">v. ;</subfield><subfield code="c">69 cm.</subfield></datafield><datafield ind1=" " ind2=" " tag="310"><subfield code="a">Weekly</subfield></datafield><datafield ind1="0" ind2=" " tag="362"><subfield code="a">Vol. 1, no. 1 (Jan. 6, 1855)-</subfield></datafield><datafield ind1="1" ind2=" " tag="362"><subfield code="a">Ceased in 1857?</subfield></datafield><datafield ind1=" " ind2=" " tag="500"><subfield code="a">Publisher: Bee Printing Co., Oct. 8, 1855-1857.</subfield></datafield><datafield ind1=" " ind2=" " tag="500"><subfield code="a">"American Party."</subfield></datafield><datafield ind1=" " ind2=" " tag="580"><subfield code="a">Daily ed.: Boston daily bee.</subfield></datafield><datafield ind1=" " ind2=" " tag="752"><subfield code="a">United States</subfield><subfield code="b">Massachusetts</subfield><subfield code="c">Suffolk</subfield><subfield code="d">Boston.</subfield></datafield><datafield ind1="1" ind2=" " tag="775"><subfield code="t">Boston daily bee</subfield><subfield code="w">(DLC)sn 84022198</subfield></datafield><datafield ind1="0" ind2=" " tag="775"><subfield code="t">Campaign bee</subfield><subfield code="w">(DLC)sn8403033469</subfield></datafield><datafield ind1="0" ind2="0" tag="780"><subfield code="t">Boston weekly bee</subfield><subfield code="w">(DLC)sn 84022200</subfield></datafield><datafield ind1="1" ind2="0" tag="785"><subfield code="t">Boston American</subfield></datafield></record>